<record><leader>00000cas a22000007a 4500</leader><controlfield tag="001">16412659</controlfield><controlfield tag="008">870810c19759999pauwr ne      0   a0eng d</controlfield><datafield ind1=" " ind2=" " tag="010"><subfield code="a">sn 87080498 </subfield></datafield><datafield ind1=" " ind2=" " tag="040"><subfield code="a">NPH</subfield><subfield code="b">eng</subfield><subfield code="c">NPH</subfield><subfield code="d">NSD</subfield><subfield code="d">OCLCQ</subfield></datafield><datafield ind1=" " ind2=" " tag="042"><subfield code="a">msc</subfield><subfield code="a">xnsdp</subfield></datafield><datafield ind1="0" ind2="0" tag="245"><subfield code="a">Hemlock herald.</subfield></datafield><datafield ind1=" " ind2=" " tag="260"><subfield code="a">Hemlock Farms [i.e. Hawley], Pa. :</subfield><subfield code="b">[Dyson Publications],</subfield><subfield code="c">1975-</subfield></datafield><datafield ind1=" " ind2=" " tag="300"><subfield code="a">v. :</subfield><subfield code="b">ill. ;</subfield><subfield code="c">55 cm.</subfield></datafield><datafield ind1=" " ind2=" " tag="310"><subfield code="a">Weekly</subfield></datafield><datafield ind1="0" ind2=" " tag="362"><subfield code="a">Vol. 1, no. 1 (Feb. 27, 1975)-</subfield></datafield><datafield ind1=" " ind2=" " tag="500"><subfield code="a">Editor: Charles Severance, &lt;July 3, 1975-&gt;.</subfield></datafield><datafield ind1=" " ind2=" " tag="580"><subfield code="a">Published every Thursday as a supplement to the News-eagle.</subfield></datafield><datafield ind1="0" ind2=" " tag="730"><subfield code="a">News-eagle.</subfield></datafield><datafield ind1=" " ind2=" " tag="752"><subfield code="a">United States</subfield><subfield code="b">Pennsylvania</subfield><subfield code="c">Wayne</subfield><subfield code="d">Hemlock Farms.</subfield></datafield><datafield ind1=" " ind2=" " tag="752"><subfield code="a">United States</subfield><subfield code="b">Pennsylvania</subfield><subfield code="c">Wayne</subfield><subfield code="d">Hawley.</subfield></datafield><datafield ind1="1" ind2=" " tag="772"><subfield code="t">News-eagle</subfield><subfield code="w">(DLC)sn 87080497</subfield></datafield><datafield ind1="1" ind2=" " tag="029"><subfield code="a">AU@</subfield><subfield code="b">000025814240</subfield></datafield></record>